@misc{kaggle_competition,
author = {{Kaggle and CIBMTR}},
title = {CIBMTR - Equity in post-HCT Survival Predictions},
year = {2025},
url = {https://www.kaggle.com/competitions/equity-post-HCT-survival-predictions},
note = {Accessed: September 2025}
}
@misc{uptodate_hct,
author = {{UpToDate}},
title = {Allogeneic hematopoietic cell transplantation: Indications, eligibility, and prognosis},
year = {2025},
publisher = {UpToDate},
url = {https://www.uptodate.com/contents/allogeneic-hematopoietic-cell-transplantation-indications-eligibility-and-prognosis},
note = {Accessed: September 2025}
}
@article{ash_transplant_all,
author = {Salit, Rachel B. and Deeg, H. Joachim},
title = {Transplant in ALL: who, when, and how?},
journal = {Hematology},
volume = {2024},
number = {1},
pages = {93--100},
year = {2024},
doi = {10.1182/hematology.2024000503},
url = {https://ashpublications.org/hematology/article/2024/1/93/526246/Transplant-in-ALL-who-when-and-how}
}
@article{aacr_historical,
author = {Thomas, E. Donnall},
title = {Allogeneic Stem Cell Transplantation: A Historical and Scientific Overview},
journal = {Cancer Research},
volume = {76},
number = {22},
pages = {6445--6451},
year = {2016},
doi = {10.1158/0008-5472.CAN-16-0892},
url = {https://aacrjournals.org/cancerres/article/76/22/6445/613932/Allogeneic-Stem-Cell-Transplantation-A-Historical}
}
@misc{cibmtr_datasets,
author = {{CIBMTR}},
title = {Publicly Available Datasets},
year = {2025},
url = {https://cibmtr.org/CIBMTR/Resources/Publicly-Available-Datasets},
note = {Accessed: 2025-09-26}
}
@article{mdpi_cancers,
author = {Zubarovskaya, Ludmila Stepanovna and Moiseev, Ivan Sergeevich and Vladovskaya, Maria Dmidrievna and Mikhailova, Natalia Borisovna and Morozova, Elena Vladislavovna and Bykova, Tatyana Alexandrovna and Vlasova, Yulia Yurievna and Paina, Olesya Vladimirovna and Kazantsev, Ilya Viktorovich and Slesarchuk, Olga Alexandrovna and Smirnova, Anna Gennadyevna and Osipova, Anna Alekseevna and Stelmakh, Liliya Vladimirovna and Polushin, Alexey Yurievich and Goloshchapov, Oleg Valerievich and Bogomolny, Maxim Pavlovich and Estrina, Maria Arkadievna and Popova, Marina Olegovna and Kucher, Maxim Anatolievich and Volkova, Alisa Georgievna and Alyansky, Alexander Leonidovich and Pevtcov, Dmitrii Eduardovich and Ivanova, Natalia Evgenievna and Babenko, Elena Vitalievna and Mamaev, Nikolai Nikolaevich and Gindina, Tatiana Leonidovna and Vitrishchak, Alina Alexandrovna and Chukhlovin, Alexei Borisovich and Semenova, Elena Vladimirovna and Bondarenko, Sergei Nicolaevich and Kulagin, Alexander Dmitrievich and Afanasyev, Boris Vladimirovich},
title = {Trends in Outcome of Hematopoietic Stem Cell Transplantation: 5000 Transplantations and 30 Years of Single-Center Experience},
journal = {Cancers},
volume = {15},
number = {19},
pages = {4758},
year = {2023},
doi = {10.3390/cancers15194758},
url = {https://www.mdpi.com/2072-6694/15/19/4758}
}
@misc{uptodate_gvhd,
author = {{UpToDate}},
title = {Clinical manifestations, diagnosis, and grading of acute graft-versus-host disease},
year = {2025},
publisher = {UpToDate},
url = {https://www.uptodate.com/contents/clinical-manifestations-diagnosis-and-grading-of-acute-graft-versus-host-disease},
note = {Accessed: September 2025}
}
@article{ash_chronic_gvhd,
author = {Williams, Kirsten M. and Chien, Jason W. and Gladwin, Mark T. and Pavletic, Steven Z.},
title = {Updates in chronic graft-versus-host disease},
journal = {Hematology},
volume = {2021},
number = {1},
pages = {648--654},
year = {2021},
doi = {10.1182/hematology.2021000301},
url = {https://ashpublications.org/hematology/article/2021/1/648/482938/Updates-in-chronic-graft-versus-host-disease}
}
@article{mdpi_cells,
author = {Shike, Hiroko and Zhang, Aiwen},
title = {HLA and Non-HLA Factors for Donor Selection in Hematopoietic Stem Cell Transplantation with Post-Transplant Cyclophosphamide GvHD Prophylaxis},
journal = {Cells},
volume = {13},
number = {24},
pages = {2067},
year = {2024},
doi = {10.3390/cells13242067},
url = {https://www.mdpi.com/2073-4409/13/24/2067}
}
@article{frontiers_immunology,
author = {Krummey, Scott M. and Gareau, Amanda J.},
title = {Donor specific HLA antibody in hematopoietic stem cell transplantation: Implications for donor selection},
journal = {Frontiers in Immunology},
volume = {13},
year = {2022},
doi = {10.3389/fimmu.2022.916200},
url = {https://www.frontiersin.org/journals/immunology/articles/10.3389/fimmu.2022.916200/full}
}
@article{frontiers_ai_hct,
author = {Harrington, Patrick and de Lima Zuchner, Carolina and McGowan, Ruth and Gormley, Niamh and Hill, Quentin A. and Snowden, John A.},
title = {Editorial: Improving stem cell transplantation delivery using computational modelling},
journal = {Frontiers in Immunology},
volume = {16},
year = {2025},
doi = {10.3389/fimmu.2025.1579353},
url = {https://www.frontiersin.org/journals/immunology/articles/10.3389/fimmu.2025.1579353/full}
}
@article{jama_ai_medicine,
author = {Doherty, Taylor S. and Char, Danton S. and Goodman, Steven N. and Shah, Nigam H. and Oberst, Michael},
title = {Addressing AI Algorithmic Bias in Health Care},
journal = {JAMA},
year = {2024},
doi = {10.1001/jama.2024.16564},
url = {https://jamanetwork.com/journals/jama/fullarticle/2823006}
}
@article{astct_simplification,
author = {Auletta, Jeffery J. and Kou, Jianqun and Chen, Min and Shaw, Bronwen E.},
title = {Indications for Hematopoietic Cell Transplantation and Immune Effector Cell Therapy: Guidelines from the American Society for Transplantation and Cellular Therapy},
journal = {Biology of Blood and Marrow Transplantation},
volume = {26},
number = {7},
pages = {1247--1261},
year = {2020},
doi = {10.1016/j.bbmt.2020.03.002},
url = {https://www.astctjournal.org/article/S1083-8791(20)30114-2/fulltext}
}
@misc{biorxiv_autoimmune,
author = {Zeng, Weihong and Yu, Xinmin and Chen, Yi and Gu, Wei and Chen, Shuang and Xu, Xiao and Zhang, Yang and Weng, Xiaojun and Chen, Xianmin and Fu, Qihua and Liu, Can and Li, Yao and Chen, Sai-Juan and Chen, Bing and Chen, Zhu and Tang, Xiaoqun and Sun, Lijun},
title = {Curing autoimmune diabetes with islet and hematopoietic cell transplantation under nonmyeloablative and immunosuppression-free conditioning},
howpublished = {bioRxiv},
year = {2025},
doi = {10.1101/2025.09.05.673576},
url = {https://www.biorxiv.org/content/10.1101/2025.09.05.673576v1}
}
@article{stmcls_clonality,
author = {Kucab, Maja and Mitchell, Thomas J. and Ariffin, Hany and Campbell, Peter J. and Rahman, Norazah A. and Scelo, Ghislaine and Stratton, Michael R. and Tany√†, Marc and Vavouri, Tanya and Yong, Chern Han and Yong, Chern Han and Zain, Reena Md and Prokunina-Olsson, Ludmil},
title = {Characterization of clonal dynamics using duplex sequencing in diagnoses and relapses of acute myeloid leukemias},
journal = {Science Translational Medicine},
volume = {16},
number = {770},
pages = {eado5108},
year = {2024},
doi = {10.1126/scitranslmed.ado5108},
url = {https://www.science.org/doi/10.1126/scitranslmed.ado5108}
}