@misc{kaggle_competition,
author = {{Kaggle and CIBMTR}},
title = {CIBMTR - Equity in post-HCT Survival Predictions},
year = {2025},
url = {https://www.kaggle.com/competitions/equity-post-HCT-survival-predictions},
note = {Accessed: September 2025}
}
@misc{uptodate_hct,
author = {{UpToDate}},
title = {Allogeneic hematopoietic cell transplantation: Indications, eligibility, and prognosis},
year = {2025},
publisher = {UpToDate},
url = {https://www.uptodate.com/contents/allogeneic-hematopoietic-cell-transplantation-indications-eligibility-and-prognosis},
note = {Accessed: September 2025}
}
@article{ash_transplant_all,
author = {Salit, Rachel B. and Deeg, H. Joachim},
title = {Transplant in ALL: who, when, and how?},
journal = {Hematology},
volume = {2024},
number = {1},
pages = {93--100},
year = {2024},
doi = {10.1182/hematology.2024000503},
url = {https://ashpublications.org/hematology/article/2024/1/93/526246/Transplant-in-ALL-who-when-and-how}
}
@article{aacr_historical,
author = {Thomas, E. Donnall},
title = {Allogeneic Stem Cell Transplantation: A Historical and Scientific Overview},
journal = {Cancer Research},
volume = {76},
number = {22},
pages = {6445--6451},
year = {2016},
doi = {10.1158/0008-5472.CAN-16-0892},
url = {https://aacrjournals.org/cancerres/article/76/22/6445/613932/Allogeneic-Stem-Cell-Transplantation-A-Historical}
}
@misc{cibmtr_datasets,
author = {{CIBMTR}},
title = {Publicly Available Datasets},
year = {2025},
url = {https://cibmtr.org/CIBMTR/Resources/Publicly-Available-Datasets},
note = {Accessed: 2025-09-26}
}
@article{mdpi_cancers,
author = {Zubarovskaya, Ludmila Stepanovna and Moiseev, Ivan Sergeevich and Vladovskaya, Maria Dmidrievna and Mikhailova, Natalia Borisovna and Morozova, Elena Vladislavovna and Bykova, Tatyana Alexandrovna and Vlasova, Yulia Yurievna and Paina, Olesya Vladimirovna and Kazantsev, Ilya Viktorovich and Slesarchuk, Olga Alexandrovna and Smirnova, Anna Gennadyevna and Osipova, Anna Alekseevna and Stelmakh, Liliya Vladimirovna and Polushin, Alexey Yurievich and Goloshchapov, Oleg Valerievich and Bogomolny, Maxim Pavlovich and Estrina, Maria Arkadievna and Popova, Marina Olegovna and Kucher, Maxim Anatolievich and Volkova, Alisa Georgievna and Alyansky, Alexander Leonidovich and Pevtcov, Dmitrii Eduardovich and Ivanova, Natalia Evgenievna and Babenko, Elena Vitalievna and Mamaev, Nikolai Nikolaevich and Gindina, Tatiana Leonidovna and Vitrishchak, Alina Alexandrovna and Chukhlovin, Alexei Borisovich and Semenova, Elena Vladimirovna and Bondarenko, Sergei Nicolaevich and Kulagin, Alexander Dmitrievich and Afanasyev, Boris Vladimirovich},
title = {Trends in Outcome of Hematopoietic Stem Cell Transplantation: 5000 Transplantations and 30 Years of Single-Center Experience},
journal = {Cancers},
volume = {15},
number = {19},
pages = {4758},
year = {2023},
doi = {10.3390/cancers15194758},
url = {https://www.mdpi.com/2072-6694/15/19/4758}
}
@misc{uptodate_gvhd,
author = {{UpToDate}},
title = {Clinical manifestations, diagnosis, and grading of acute graft-versus-host disease},
year = {2025},
publisher = {UpToDate},
url = {https://www.uptodate.com/contents/clinical-manifestations-diagnosis-and-grading-of-acute-graft-versus-host-disease},
note = {Accessed: September 2025}
}
@article{ash_chronic_gvhd,
author = {Williams, Kirsten M. and Chien, Jason W. and Gladwin, Mark T. and Pavletic, Steven Z.},
title = {Updates in chronic graft-versus-host disease},
journal = {Hematology},
volume = {2021},
number = {1},
pages = {648--654},
year = {2021},
doi = {10.1182/hematology.2021000301},
url = {https://ashpublications.org/hematology/article/2021/1/648/482938/Updates-in-chronic-graft-versus-host-disease}
}
@article{mdpi_cells,
author = {Shike, Hiroko and Zhang, Aiwen},
title = {HLA and Non-HLA Factors for Donor Selection in Hematopoietic Stem Cell Transplantation with Post-Transplant Cyclophosphamide GvHD Prophylaxis},
journal = {Cells},
volume = {13},
number = {24},
pages = {2067},
year = {2024},
doi = {10.3390/cells13242067},
url = {https://www.mdpi.com/2073-4409/13/24/2067}
}
@article{frontiers_immunology,
author = {Krummey, Scott M. and Gareau, Amanda J.},
title = {Donor specific HLA antibody in hematopoietic stem cell transplantation: Implications for donor selection},
journal = {Frontiers in Immunology},
volume = {13},
year = {2022},
doi = {10.3389/fimmu.2022.916200},
url = {https://www.frontiersin.org/journals/immunology/articles/10.3389/fimmu.2022.916200/full}
}
@article{frontiers_ai_hct,
author = {Harrington, Patrick and de Lima Zuchner, Carolina and McGowan, Ruth and Gormley, Niamh and Hill, Quentin A. and Snowden, John A.},
title = {Editorial: Improving stem cell transplantation delivery using computational modelling},
journal = {Frontiers in Immunology},
volume = {16},
year = {2025},
doi = {10.3389/fimmu.2025.1579353},
url = {https://www.frontiersin.org/journals/immunology/articles/10.3389/fimmu.2025.1579353/full}
}
@article{jama_ai_medicine,
author = {Doherty, Taylor S. and Char, Danton S. and Goodman, Steven N. and Shah, Nigam H. and Oberst, Michael},
title = {Addressing AI Algorithmic Bias in Health Care},
journal = {JAMA},
year = {2024},
doi = {10.1001/jama.2024.16564},
url = {https://jamanetwork.com/journals/jama/fullarticle/2823006}
}
@article{astct_simplification,
author = {Auletta, Jeffery J. and Kou, Jianqun and Chen, Min and Shaw, Bronwen E.},
title = {Indications for Hematopoietic Cell Transplantation and Immune Effector Cell Therapy: Guidelines from the American Society for Transplantation and Cellular Therapy},
journal = {Biology of Blood and Marrow Transplantation},
volume = {26},
number = {7},
pages = {1247--1261},
year = {2020},
doi = {10.1016/j.bbmt.2020.03.002},
url = {https://www.astctjournal.org/article/S1083-8791(20)30114-2/fulltext}
}
@misc{biorxiv_autoimmune,
author = {Zeng, Weihong and Yu, Xinmin and Chen, Yi and Gu, Wei and Chen, Shuang and Xu, Xiao and Zhang, Yang and Weng, Xiaojun and Chen, Xianmin and Fu, Qihua and Liu, Can and Li, Yao and Chen, Sai-Juan and Chen, Bing and Chen, Zhu and Tang, Xiaoqun and Sun, Lijun},
title = {Curing autoimmune diabetes with islet and hematopoietic cell transplantation under nonmyeloablative and immunosuppression-free conditioning},
howpublished = {bioRxiv},
year = {2025},
doi = {10.1101/2025.09.05.673576},
url = {https://www.biorxiv.org/content/10.1101/2025.09.05.673576v1}
}
@article{stmcls_clonality,
author = {Kucab, Maja and Mitchell, Thomas J. and Ariffin, Hany and Campbell, Peter J. and Rahman, Norazah A. and Scelo, Ghislaine and Stratton, Michael R. and Tanyà, Marc and Vavouri, Tanya and Yong, Chern Han and Yong, Chern Han and Zain, Reena Md and Prokunina-Olsson, Ludmil},
title = {Characterization of clonal dynamics using duplex sequencing in diagnoses and relapses of acute myeloid leukemias},
journal = {Science Translational Medicine},
volume = {16},
number = {770},
pages = {eado5108},
year = {2024},
doi = {10.1126/scitranslmed.ado5108},
url = {https://www.science.org/doi/10.1126/scitranslmed.ado5108}
}

@misc{scikit_survival_intro,
  author = {Sebastian Pölsterl},
  title = {Introduction to scikit-survival},
  year = {2023},
  url = {https://scikit-survival.readthedocs.io/en/stable/user_guide/00-introduction.html},
  urldate = {2025-10-18}
}

@misc{aif360_github,
  author = {{Trusted AI Team}},
  title = {{AI Fairness 360 (AIF360)}},
  year = {2023},
  url = {https://github.com/Trusted-AI/AIF360},
  urldate = {2025-10-18}
}

@misc{lifelines_docs,
  author = {Cameron Davidson-Pilon},
  title = {Lifelines: Survival Analysis in Python},
  year = {2023},
  url = {https://lifelines.readthedocs.io/},
  urldate = {2025-10-18}
}

@misc{pushkarna_preprocessing,
  author = {Chetal Pushkarna},
  title = {Data Preprocessing with Pandas, NumPy, Scikit-Learn},
  year = {2023},
  url = {https://www.kaggle.com/code/chetalipushkarna/data-preprocessing-with-pandas-numpy-scikit-learn},
  urldate = {2025-10-18}
}

@misc{geeksforgeeks_pandas,
  author = {{GeeksforGeeks}},
  title = {Python/Data Processing with Pandas},
  year = {2023},
  url = {https://www.geeksforgeeks.org/python/data-processing-with-pandas/},
  urldate = {2025-10-18}
}

@misc{dataquest_numpy,
  author = {{Dataquest}},
  title = {NumPy and Pandas for Data Analysis},
  year = {2023},
  url = {https://www.dataquest.io/tutorial/numpy-and-pandas-for-data-analysis/},
  urldate = {2025-10-18}
}

@misc{datacamp_preprocessing,
  author = {{DataCamp}},
  title = {Data Preprocessing},
  year = {2023},
  url = {https://www.datacamp.com/blog/data-preprocessing},
  urldate = {2025-10-18}
}

@misc{geeksforgeeks_preprocessing,
  author = {{GeeksforGeeks}},
  title = {Data Preprocessing in Machine Learning with Python},
  year = {2023},
  url = {https://www.geeksforgeeks.org/machine-learning/data-preprocessing-machine-learning-python/},
  urldate = {2025-10-18}
}

@misc{pypi_lifelines,
  author = {{PyPI}},
  title = {Lifelines},
  year = {2023},
  url = {https://pypi.org/project/lifelines/},
  urldate = {2025-10-18}
}

@misc{geeksforgeeks_cox,
  author = {{GeeksforGeeks}},
  title = {Cox Proportional Hazards Model},
  year = {2023},
  url = {https://www.geeksforgeeks.org/data-science/cox-proportional-hazards-model/},
  urldate = {2025-10-18}
}

@misc{scikit_survival_rsf,
  author = {Sebastian Pölsterl},
  title = {Random Survival Forest},
  year = {2023},
  url = {https://scikit-survival.readthedocs.io/en/stable/user_guide/random-survival-forest.html},
  urldate = {2025-10-18}
}

@misc{geeksforgeeks_boosting,
  author = {{GeeksforGeeks}},
  title = {GradientBoosting vs AdaBoost vs XGBoost vs CatBoost vs LightGBM},
  year = {2023},
  url = {https://www.geeksforgeeks.org/machine-learning/gradientboosting-vs-adaboost-vs-xgboost-vs-catboost-vs-lightgbm/},
  urldate = {2025-10-18}
}

@misc{neptune_boosting,
  author = {{Neptune.ai}},
  title = {When to Choose CatBoost Over XGBoost or LightGBM},
  year = {2023},
  url = {https://neptune.ai/blog/when-to-choose-catboost-over-xgboost-or-lightgbm},
  urldate = {2025-10-18}
}

@misc{talent500_imbalanced,
  author = {{Talent500}},
  title = {A Comprehensive Guide to Handling Imbalanced Datasets in Classification Problems},
  year = {2023},
  url = {https://talent500.com/blog/a-comprehensive-guide-to-handling-imbalanced-datasets-in-classification-problems/},
  urldate = {2025-10-18}
}

@misc{fairlearn_org,
  author = {{Microsoft}},
  title = {Fairlearn},
  year = {2023},
  url = {https://fairlearn.org/},
  urldate = {2025-10-18}
}

@misc{linkedin_fairness,
  author = {Jaydeep Dosi},
  title = {Implementing Fairness and Transparency in AI Projects: A Technical Guide},
  year = {2023},
  url = {https://www.linkedin.com/pulse/implementing-fairness-transparency-ai-projects-technical-jaydeep-dosi-sstjc},
  urldate = {2025-10-18}
}

@misc{shap_docs,
  author = {{SHAP}},
  title = {SHAP Documentation},
  year = {2023},
  url = {https://shap.readthedocs.io/},
  urldate = {2025-10-18}
}

@misc{shap_github,
  author = {{SHAP}},
  title = {SHAP GitHub Repository},
  year = {2023},
  url = {https://github.com/shap/shap},
  urldate = {2025-10-18}
}

@misc{datacamp_shap,
  author = {{DataCamp}},
  title = {Introduction to SHAP Values: Machine Learning Interpretability},
  year = {2023},
  url = {https://www.datacamp.com/tutorial/introduction-to-shap-values-machine-learning-interpretability},
  urldate = {2025-10-18}
}

@misc{matplotlib_org,
  author = {{Matplotlib}},
  title = {Matplotlib: Visualization with Python},
  year = {2023},
  url = {https://matplotlib.org/},
  urldate = {2025-10-18}
}

@misc{seaborn_org,
  author = {{Seaborn}},
  title = {Seaborn: Statistical Data Visualization},
  year = {2023},
  url = {https://seaborn.pydata.org/},
  urldate = {2025-10-18}
}

@misc{geeksforgeeks_seaborn,
  author = {{GeeksforGeeks}},
  title = {Data Visualization with Python Seaborn},
  year = {2023},
  url = {https://www.geeksforgeeks.org/data-visualization/data-visualization-with-python-seaborn/},
  urldate = {2025-10-18}
}

@misc{datascientest_seaborn,
  author = {{DataScientest}},
  title = {Seaborn and Data Visualization},
  year = {2023},
  url = {https://datascientest.com/en/seaborn_and_data_visualization},
  urldate = {2025-10-18}
}

@misc{kdnuggets_pipeline,
  author = {{KDnuggets}},
  title = {Build Your Own Simple Data Pipeline with Python and Docker},
  year = {2023},
  url = {https://www.kdnuggets.com/build-your-own-simple-data-pipeline-with-python-and-docker},
  urldate = {2025-10-18}
}

@thesis{garcia_pipeline,
  author = {Alonso Garcia Velasco},
  title = {Data Pipeline Implementation},
  school = {Universidad Politécnica de Madrid},
  year = {2023},
  url = {https://oa.upm.es/74985/1/TFG_ALONSO_GARCIA_VELASCO.pdf},
  urldate = {2025-10-18}
}

@misc{ohashi_pipeline,
  author = {Takehiro Ohashi},
  title = {How to Build Lightweight Data Pipeline},
  year = {2023},
  url = {https://takehiroohashidsml.substack.com/p/how-to-build-lightweight-data-pipeline},
  urldate = {2025-10-18}
}

@article{mlpipeline_arxiv,
  author = {Michael Eisenstadt and Tim Wagner and Felix Biessmann and Andrey Ustyuzhanin},
  title = {Designing a Machine Learning Pipeline Architecture for Production},
  journal = {arXiv preprint},
  year = {2020},
  url = {https://arxiv.org/pdf/1911.09638.pdf},
  urldate = {2025-10-18}
}

@misc{scikit_learn_cv,
  author = {{Scikit-learn}},
  title = {Cross-validation: evaluating estimator performance},
  year = {2023},
  url = {https://scikit-learn.org/stable/modules/cross_validation.html},
  urldate = {2025-10-18}
}

@misc{arxiv_htmlversion,
  author = {Michael Eisenstadt and Tim Wagner and Felix Biessmann and Andrey Ustyuzhanin},
  title = {Designing a Machine Learning Pipeline Architecture for Production},
  year = {2020},
  url = {https://ar5iv.labs.arxiv.org/html/1911.09638},
  urldate = {2025-10-18}
}

@misc{datacamp_mlops,
  author = {{DataCamp}},
  title = {Tutorial: Machine Learning Pipelines, MLOps \& Deployment},
  year = {2023},
  url = {https://www.datacamp.com/tutorial/tutorial-machine-learning-pipelines-mlops-deployment},
  urldate = {2025-10-18}
}

@article{pmc_pipeline,
  author = {Shuai Yuan and Guanhua Chen and Gabe I Matsumoto and Shih-Ting Chiu and Pamela Clarke and Darryl L Wakefield and Sarah Pyle and Ignacio Ferreira and Elizabeth Atkinson and Rima M Nakhleh and Zhenyue Y Guo and Willow Manning and Keith D Robertson and Jianan Zhang and Sunni Mumford and Jing Yang and Sharon E Hanley and Christopher Myrum and Karen A Maguire and Alicia Kendig Game and Kevin L Allen and Alison C Brooks and Rebecca M Fleet and Daniel A Lemberg and Dorit Hershkowitz and Shweta Agrawal and Alicja Ramatowska and Sutapa Kirtonia and Rishi Kumar Sharma and Sheetal Rai and Priyank Jain and Snehal Rajput and Elizaveta Yaroshinsky and Joel S Parker and Michael L Gatza and Paul V Plassmeyer and Reshmi Parameswaran and Kristen Rodgers and Matthew C Goetz and J Ignacio Suarez and Anwesha Banerjee and Donghan M Yang and Lee AM Jones and Timothy L Wagenaar and Elizabeth Palmer and Jamie K Teer and Nicholas J Schork and Joanne M Jeter and Paula K Shireman and Richard A Freeman and Jill P Smith and Binu Jacob and Sharon Alford and Mitchell H Gail and Maya Palakal and Montserrat Garcia-Closas and Allen L Helm and Kathy L Hudson and Qingxia Chen and Qingyuan Song and Leona W Ayers and Chante Whitley and Olivia Park and Elliot A Scott and Thomas Laughlin and Christine M Pellegrini and Joyce C Ho and Andrey Rzhetsky and Jeremy J W Warner},
  title = {NIH Data Translators: Developing translatable insights from cross-disciplinary biomedical data},
  journal = {Journal of Biomedical Informatics},
  volume = {151},
  pages = {104610},
  year = {2024},
  url = {https://pmc.ncbi.nlm.nih.gov/articles/PMC11430446/},
  urldate = {2025-10-18}
}

@misc{github_gist_docker,
  author = {Jacky Ko},
  title = {Docker Example for Data Pipeline},
  year = {2021},
  url = {https://gist.github.com/jackyko1991/bd0e605fa03b2c3e244d08db2b68edd8},
  urldate = {2025-10-18}
}

@misc{cienciadedatos_forecast,
  author = {{Ciencia de Datos}},
  title = {Forecasting de Series Temporales con skforecast, XGBoost, LightGBM y CatBoost},
  year = {2023},
  url = {https://cienciadedatos.net/documentos/py39-forecasting-series-temporales-con-skforecast-xgboost-lightgbm-catboost},
  urldate = {2025-10-18}
}

@misc{shelf_fairness,
  author = {{Shelf.io}},
  title = {Fairness Metrics in AI},
  year = {2023},
  url = {https://shelf.io/blog/fairness-metrics-in-ai/},
  urldate = {2025-10-18}
}

@misc{shap_comparison,
  author = {{SHAP}},
  title = {Performance Comparison of Tree-Based SHAP Implementations},
  year = {2023},
  url = {https://shap.readthedocs.io/en/latest/example_notebooks/tabular_examples/tree_based_models/Perfomance%20Comparison.html},
  urldate = {2025-10-18}
}

@misc{medigee_survival,
  author = {{Medigee}},
  title = {Python Survival Analysis},
  year = {2023},
  url = {https://www.medigee.com/survival-analysis/python-survival-analysis},
  urldate = {2025-10-18}
}

@misc{aisoma_fairness,
  author = {{AISOMA}},
  title = {An overview of some useful Fairness Frameworks and Packages},
  year = {2021},
  url = {https://www.aisoma.de/wp-content/uploads/2021/01/An-overview-of-some-useful-Fairness-Frameworks-and-Packages.pdf},
  urldate = {2025-10-18}
}

@misc{scikit_learn_survival,
  author = {{Scikit-learn}},
  title = {Survival Analysis Example},
  year = {2023},
  url = {https://contrib.scikit-learn.org/skglm/auto_examples/plot_survival_analysis.html},
  urldate = {2025-10-18}
}

@misc{awesome_survival,
  author = {Einat Borenstein},
  title = {Awesome Survival Analysis},
  year = {2023},
  url = {https://github.com/einatboro/awesome-survival-analysis},
  urldate = {2025-10-18}
}

@misc{youtube_tutorial,
  author = {SHAP},
  title = {Introduction to Model Interpretability using SHAP},
  year = {2022},
  url = {https://www.youtube.com/watch?v=am664aOTsyI},
  urldate = {2025-10-18}
}

@article{pmc_survival,
  author = {Tyler Seto and K M Archie and Vinayak Carvalho and Sheila N Alexander and Matthew C Miles and Jordan B Renzi and Ryan Li and Richard Zhao and Min Huang and Avinash K Sharma},
  title = {Machine Learning Models for Predicting Lung Cancer Survival in Patients Treated with Radiotherapy},
  journal = {Cancers},
  volume = {15},
  number = {10},
  pages = {2747},
  year = {2023},
  url = {https://pmc.ncbi.nlm.nih.gov/articles/PMC10219847/},
  urldate = {2025-10-18}
}

@misc{kaggle_shap,
  author = {Arnab Chakraborty},
  title = {Introduction to Model Interpretability using SHAP},
  year = {2023},
  url = {https://www.kaggle.com/code/chakrabortyarnab/introduction-to-model-interpretability-using-shap},
  urldate = {2025-10-18}
}

@article{pmc_modeling,
  author = {Alicia Shen and Sophie Qiu and Suryabrata Dutta and Guoshuang Feng and Weiya Zhang and Yibo Wu and Michael Sweeting and Yijie Sun and Peng Chen},
  title = {Dynamic Prediction of 5-Year Survival in Patients with Primary Lung Cancer Using Bayesian Networks: A Study Based on SEER Database},
  journal = {Cancers},
  volume = {15},
  number = {19},
  pages = {4830},
  year = {2023},
  url = {https://pmc.ncbi.nlm.nih.gov/articles/PMC10530623/},
  urldate = {2025-10-18}
}

@misc{shap_intro,
  author = {{SHAP}},
  title = {An introduction to explainable AI with Shapley values},
  year = {2023},
  url = {https://shap.readthedocs.io/en/latest/example_notebooks/overviews/An%20introduction%20to%20explainable%20AI%20with%20Shapley%20values.html},
  urldate = {2025-10-18}
}

@article{mlr_proceedings,
  author = {Chenyou Qi and Yueqi Liu and Liam Liu and Stephen Zhang and Ding Zhou and Endong Zhu and Yuan Tian and Miao Xu and Pingzhao Hu},
  title = {Survival Prediction using Multiple Longitudinal Biomarkers},
  journal = {Proceedings of the 40th International Conference on Machine Learning},
  volume = {202},
  pages = {28379-28393},
  year = {2023},
  url = {https://proceedings.mlr.press/v202/qi23b/qi23b.pdf},
  urldate = {2025-10-18}
}

@misc{christoph_shap,
  author = {Christoph Molnar},
  title = {Shapley Values},
  year = {2023},
  url = {https://christophm.github.io/interpretable-ml-book/shap.html},
  urldate = {2025-10-18}
}